@conference{laserScanners,
  author       = {J. Zhou and L. E. Navarro-Serment and M. Hebert}, 
  title        = {Detection of parking spots using 2D range data},
  booktitle    = {2012 15th International IEEE Conference on Intelligent Transportation Systems},
  year         = 2012,
pages = {1280-1287},
doi = {10.1109/ITSC.2012.6338706},
ISSN = {2153-0017},
month = { Sep.}, 
publisher    = {IEEE},
}

@conference{parkingManeuver,
  author       = {I. E. Paromtchik and C. Laugier}, 
  title        = {Autonomous parallel parking of a nonholonomic vehicle},
  booktitle    = {Proceedings of Conference on Intelligent Vehicles},
  year         = 1996,
  pages = {13-18},
doi = {10.1109/IVS.1996.566343},
month = {Sep},
}

@conference{sinusoids,
author={R. M. Murray and S. S.Sastry},
booktitle={29th IEEE Conference on Decision and Control},
title={Steering nonholonomic systems using sinusoids},
year={1990},
pages={2097-2101 vol.4},
doi={10.1109/CDC.1990.203994},
month={Dec},
}

@conference{twoCircles,
author={K. Jiang and L. D. Seneviratne},
booktitle={Proceedings 1999 IEEE International Conference on Robotics and Automation (Cat. No.99CH36288C)},
title={A sensor guided autonomous parking system for nonholonomic mobile robots},
year={1999},
publisher    = {IEEE},
volume={1},
pages={311-316 vol.1},
doi={10.1109/ROBOT.1999.769997},
ISSN={1050-4729},
month={May},
}

@article{CLMR,
author={T. -. S. Li and Shih-Jie Chang},
journal={IEEE Transactions on Systems, Man, and Cybernetics - Part A: Systems and Humans},
title={Autonomous fuzzy parking control of a car-like mobile robot},
year={2003},
volume={33},
number={4},
pages={451-465},
doi={10.1109/TSMCA.2003.811766},
ISSN={1083-4427},
month={july},
}

@conference{AMRSensor,
  author       = { Zusheng Zhang ; Ming Tao ; Huaqiang Yuan }, 
  title        = {A Parking Occupancy Detection Algorithm Based on AMR Sensor},
 
  year         = 2015,
  volume       = 15,
  pages        =  "1261 - 1269",
  publisher    = {IEEE},
}
@article{3phaseMobileRobot,
author={K. Jiang and L. D. Seneviratne},
booktitle={Proceedings 1999 IEEE International Conference on Robotics and Automation (Cat. No.99CH36288C)},
title={A sensor guided autonomous parking system for nonholonomic mobile robots},
year={1999},
volume={1},
pages={311-316 vol.1},
doi={10.1109/ROBOT.1999.769997},
ISSN={1050-4729},
month={May},
}


@conference{Radar,
author={R. Prophet and M. Hoffmann and M. Vossiek and Gang Li and C. Sturm},
booktitle={2017 IEEE MTT-S International Conference on Microwaves for Intelligent Mobility (ICMIM)},
title={Parking space detection from a radar based target list},
year={2017},
pages={91-94},
doi={10.1109/ICMIM.2017.7918864},
month={March},}

@article{UltraSonic,
author={Wan-Joo Park and Byung-Sung Kim and Dong-Eun Seo and Dong-Suk Kim and Kwae-Hi Lee},
booktitle={2008 IEEE Intelligent Vehicles Symposium},
title={Parking space detection using ultrasonic sensor in parking assistance system},
year={2008},
pages={1039-1044},
doi={10.1109/IVS.2008.4621296},
ISSN={1931-0587},
month={June},}

@article{markingPointConf,
author={L. Li and L. Zhang and X. Li and X. Liu and Y. Shen and L. Xiong},
booktitle={2017 IEEE International Conference on Multimedia and Expo ICME},
title={Vision-based parking-slot detection: A benchmark and a learning-based approach},
year={2017},
pages={649-654},
doi={10.1109/ICME.2017.8019419},
ISSN={1945-788X},
month={July},}

@article{markingPointJournal,
author={L.Zhang and J. Huang and X.Li and L. Xiong},
journal={IEEE Transactions on Image Processing},
title={Vision-Based Parking-Slot Detection: A DCNN-Based Approach and a Large-Scale Benchmark Dataset},
year={2018},
volume={27},
number={11},
pages={5350-5364},
doi={10.1109/TIP.2018.2857407},
ISSN={1057-7149},
month={Nov},}

@article{histogramEOH,
author={K. Choeychuen},
booktitle={2012 Ninth International Conference on Computer Science and Software Engineering (JCSSE)},
title={Available car parking space detection from webcam by using adaptive mixing features},
year={2012},
pages={12-16},
doi={10.1109/JCSSE.2012.6261917},
month={May},}

@article{visual-parking-slot,
author={J.Chen and C.Hsu},
booktitle={2017 IEEE International Conference on Systems, Man, and Cybernetics (SMC)},
title={A visual method for the detection of available parking slots},
year={2017},
pages={2980-2985},
doi={10.1109/SMC.2017.8123081},
month={Oct}
}
@article{novel-CLMR,
author={Y.Zhang and S.Tang and Z.Zhang},
booktitle={Proceedings of 2012 9th IEEE International Conference on Networking, Sensing and Control},
title={A novel parking control algorithm for a car-like mobile robot},
year={2012},
pages={377-381},
doi={10.1109/ICNSC.2012.6204948},
month={april},}

@misc{GroundTruth,
  url       = {"https://ch.mathworks.com/help/vision/ref/groundtruth.html"}, 
  title        = {groundTruth},
  year         = 2019,
}

@article{detection-with-CNN,
author={J.Nyambal and R.Klein},
booktitle={2017 Pattern Recognition Association of South Africa and Robotics and Mechatronics (PRASA-RobMech)},
title={Automated parking space detection using convolutional neural networks},
year={2017},
pages={1-6},
doi={10.1109/RoboMech.2017.8261114},
month={Nov},
}
@article{fuzzy,
author={Tzuu-Hseng S.Li and Shih-Jie Chang},
journal={IEEE Transactions on Systems, Man, and Cybernetics - Part A: Systems and Humans},
title={Autonomous fuzzy parking control of a car-like mobile robot},
year={2003},
volume={33},
number={4},
pages={451-465},
doi={10.1109/TSMCA.2003.811766},
ISSN={1083-4427},
month={july},
}


@inproceedings{parkingSimulation_IDP,
  author = {Alexander Reisner and Alexander Weidinger and David Werner},
  title   = {IDP-Project: Autonomous Parking Scenario},
  location = {Informatik F13 - Chair of Operating Systems - Technical University of Munich},
  year = {2017},
}

@misc{gTruthLabbeler,
url   = {"https://ch.mathworks.com/help/driving/ref/groundtruthlabeler-app.html"}, 
  title   = {GroundTruthLabeler}
}
@misc{RCNN-Methods,
url={https://ch.mathworks.com/help/vision/ug/faster-r-cnn-basics.html?s_tid=srchtitle},
title={CNN Basis}
}
@misc{overlapRatio,
url     = {https://ch.mathworks.com/help/vision/ref/bboxoverlapratio.html?searchHighlight=overlaps},
title = {bboxOverlapRatio}
}
@misc{matlabEngine,
  uel   = {https://ch.mathworks.com/help/matlab/apiref/matlab.engine.matlabengine-class.html}, 
  title        = {matlabEngine},
  year         = {2019},
}
@misc{matlabEngineFormats,
  url       = {https://ch.mathworks.com/help/matlab/matlab_external/handle-data-returned-from-matlab-to-python.html?searchHighlight=Handle-2520Data-2520Returned-2520from-2520MATLAB-2520to-2520Python}, 
  title        = {matlabEngine-data types},
  year         = 2019,
}
@misc{setVelocity,
  url={"https://github.com/carla-simulator/carla/issues/1652issuecomment-513626791"}, 
  title        = {velocity and throttle},
  year         = {2019},
}
@misc{pypi,
  url       = {"https://pypi.org/project/pymatlab/"}, 
  title        = {PyPI},
  year         = {2019},
}
@misc{firsParking,
url ={https://en.wikipedia.org/wiki/Automatic_parking#Commercial_systems},
title ={Automatic parking},
}
@misc{egoVehicle,
url={https://www.gpsworld.com/intelligent-transportation-systems-require-the-ego-vehicle/},
title={Ego-Vehicle}
}
@misc{AI,
url={https://www.datacamp.com/community/tutorials/machine-deep-learning},
title={ML vs. DL}
}
@misc{RCNN-matlab,
url={https://ch.mathworks.com/help/vision/ug/faster-r-cnn-basics.html},
title={RCNN methods},
}
@misc{MaskRCNN,
url={https://arxiv.org/abs/1703.06870},
title={Mask RCNN},
autor={Kaiming He, Georgia Gkioxari, Piotr Dolla ÃÅr and Ross Girshick},
year={2018},
}
@misc{ACF,
url={https://ch.mathworks.com/help/vision/ref/acfobjectdetector.html?s_tid=doc_ta},
title={ACFObjectDetector},
}
@book{otherThesis,
AUTHOR = "Filip Hucko",
      TITLE = "Master ThesisThe development of autonomous vehicles",
      YEAR = 2017,
      publisher = "Aalborg University Copenhagen"
      
}
@conference{usConference,
AUTHOR = "Dr. Gene Yeau-Jian Liao, Dr. Chih-Ping Yeh,Dr. Jimmy Ching-Ming Chen and Ms. Honghong Liu",
      TITLE = "Automatic Parking Vehicle System",
      YEAR = 2016,
      publisher = "American Society for Engineering Education, 2016"
      
}

@article{radar-parkingDetection,
author={R.Prophet and M.Hoffmann and M.Vossiek and Gang Li and C.Sturm},
booktitle={2017 IEEE MTT-S International Conference on Microwaves for Intelligent Mobility (ICMIM)},
title={Parking space detection from a radar based target list},
year={2017},
pages={91-94},
doi={10.1109/ICMIM.2017.7918864},
month={march},
}
@article{detection-ultraSonic,
author={T.Wu and P.Tsai and N.Hu and J.Chen},
booktitle={2016 International Conference on Advanced Materials for Science and Engineering (ICAMSE)},
title={Research and implementation of auto parking system based on ultrasonic sensors},
year={2016},
pages={643-645},
doi={10.1109/ICAMSE.2016.7840267},
month={nov},
}
@article{lidar-Germany,
author={F.Bock and D.Eggert and M.Sester},
booktitle={2015 IEEE 18th International Conference on Intelligent Transportation Systems},
title={On-street Parking Statistics Using LiDAR Mobile Mapping},
year={2015},
pages={2812-2818},
ISSN={2153-0017},
 month={sep},
}
@article{Laser-radar-based,
author={H.G.Jung and Y.H.Cho and P.J.Yoon and J.Kim},
journal={IEEE Transactions on Intelligent Transportation Systems},
title={Scanning Laser Radar-Based Target Position Designation for Parking Aid System},
year={2008},
volume={9},
number={3},
pages={406-424},
doi={10.1109/TITS.2008.922980},
ISSN={1524-9050},
month={sep},
}
@article{fixed-mobile-sensors,
author={P.Ball and R.Liao and C.Roman and S.Ou and E.Pow},
booktitle={2016 10th International Symposium on Communication Systems, Networks and Digital Signal Processing (CSNDSP)},
title={Analysis of fixed and mobile sensor systems for parking space detection},
year={2016},
pages={1-6},
doi={10.1109/CSNDSP.2016.7574009},
month={july},
}

@article{empty-parking-vision,
author={N.Bibi and M.N.Majid and H.Dawood and P.Guo},
booktitle={2017 2nd International Conference on Multimedia and Image Processing (ICMIP)},
title={Automatic Parking Space Detection System},
year={2017},
pages={11-15},
doi={10.1109/ICMIP.2017.4},
month={march},
}

@article{US-visionbased,
author={Ching-Chun Huang and Sheng-Jyh Wang and Yao-Jen Change and Tsuhan Chen},
booktitle={2008 IEEE International Conference on Acoustics, Speech and Signal Processing},
title={A Bayesian hierarchical detection framework for parking space detection},
year={2008},
pages={2097-2100},
doi={10.1109/ICASSP.2008.4518055},
ISSN={1520-6149},
month={march},
}

@article { machine-learning-parking,
      author = {Gennaro Notomista and Michael Botsch},
      title = {A Machine Learning Approach for the Segmentation of Driving Maneuvers and its Application in Autonomous Parking},
      journal = {Journal of Artificial Intelligence and Soft Computing Research},
      year = {2017},
      volume = {7},
      number = {4},
      pages =  {243 - 255},
      url = {https://content.sciendo.com/view/journals/jaiscr/7/4/article-p243.xml},
}
@article{CNN,
author={J.Nyambal and R.Klein},
booktitle={2017 Pattern Recognition Association of South Africa and Robotics and Mechatronics (PRASA-RobMech)},
title={Automated parking space detection using convolutional neural networks},
year={2017},
pages={1-6},
doi={10.1109/RoboMech.2017.8261114},
month={Nov},}

@inproceedings{CarlaSimulator,
  title = {CARLA: An Open Urban Driving Simulator},
  author = {Alexey Dosovitskiy and German Ros and Felipe Codevilla and Antonio Lopez and Vladlen Koltun},
  booktitle = {Proceedings of the 1st Annual Conference on Robot Learning},
  pages = {1-16},
  year = {2017}
}


